<record><leader>00000cas a2200000 a 4500</leader><controlfield tag="001">25357178</controlfield><controlfield tag="008">920227d18431843iluwr ne      0   a0eng c</controlfield><datafield ind1=" " ind2=" " tag="010"><subfield code="a">sn 92054486 </subfield></datafield><datafield ind1=" " ind2=" " tag="040"><subfield code="a">NVF</subfield><subfield code="b">eng</subfield><subfield code="c">NVF</subfield><subfield code="d">DLC</subfield><subfield code="d">OCL</subfield><subfield code="d">NVF</subfield><subfield code="d">OCLCO</subfield></datafield><datafield ind1=" " ind2=" " tag="042"><subfield code="a">pcc</subfield></datafield><datafield ind1=" " ind2=" " tag="043"><subfield code="a">n-us-il</subfield></datafield><datafield ind1="0" ind2="4" tag="245"><subfield code="a">The gerrymander.</subfield></datafield><datafield ind1=" " ind2=" " tag="260"><subfield code="a">Peoria [Ill.] :</subfield><subfield code="b">S. De Witt Drown,</subfield><subfield code="c">1843.</subfield></datafield><datafield ind1=" " ind2=" " tag="300"><subfield code="a">v.</subfield></datafield><datafield ind1=" " ind2=" " tag="310"><subfield code="a">Weekly</subfield></datafield><datafield ind1="1" ind2=" " tag="362"><subfield code="a">Began in 1843. Ceased in 1843.</subfield></datafield><datafield ind1=" " ind2=" " tag="500"><subfield code="a">Campaign newspaper for the Illinois Whig congressional election of 1843.</subfield></datafield><datafield ind1=" " ind2=" " tag="588"><subfield code="a">Description based on: Number 10 (June 3, 1843).</subfield></datafield><datafield ind1=" " ind2=" " tag="588"><subfield code="a">Latest issue consulted: Number 10 (June 3, 1843).</subfield></datafield><datafield ind1="2" ind2="0" tag="610"><subfield code="a">Whig Party (U.S.)</subfield><subfield code="v">Newspapers.</subfield></datafield><datafield ind1=" " ind2="0" tag="650"><subfield code="a">United States.</subfield><subfield code="x">Congress</subfield><subfield code="x">Elections,</subfield><subfield code="d">1843</subfield><subfield code="z">Illinois</subfield><subfield code="z">Peoria</subfield><subfield code="v">Newspapers.</subfield></datafield><datafield ind1=" " ind2="0" tag="650"><subfield code="a">Campaign literature</subfield><subfield code="z">Illinois</subfield><subfield code="z">Peoria</subfield><subfield code="d">1843</subfield><subfield code="x">Whig Party</subfield><subfield code="v">Newspapers.</subfield></datafield><datafield ind1=" " ind2="0" tag="650"><subfield code="a">Political campaigns</subfield><subfield code="z">Illinois</subfield><subfield code="z">Peoria</subfield><subfield code="d">1843</subfield><subfield code="v">Newspapers.</subfield></datafield><datafield ind1=" " ind2="0" tag="651"><subfield code="a">Illinois</subfield><subfield code="v">Newspapers.</subfield></datafield><datafield ind1=" " ind2=" " tag="752"><subfield code="a">United States</subfield><subfield code="b">Illinois</subfield><subfield code="c">Peoria</subfield><subfield code="d">Peoria.</subfield></datafield></record>